@manual{react,
   author = "A Facebook \& Instagram collaboration.",
   title = "{\sl React - A JAVASCRIPT LIBRARY FOR BUILDING USER INTERFACES}",
   note = "\hfill\break{\tt \url{http://facebook.github.io/react/}}",
}

@manual{angular,
   author = "Google",
   title = "{\sl AngularJS - HTML enhanced for web apps!}",
   note = "\hfill\break{\tt \url{http://angularjs.org/}}",
}

@manual{ember,
   author = "TILDE INC.",
   title = "{\sl ember - A framework for creating ambitious web applications}",
   note = "\hfill\break{\tt \url{http://emberjs.com/}}",
}

@manual{runloop,
   author = "Tyler Keating",
   title = "{\sl The Run Loop}",
   note = "\hfill\break{\tt \url{http://blog.sproutcore.com/the-run-loop-part-1/} and \url{http://blog.sproutcore.com/the-run-loop-part-2/}}",
}

